@article{chan2012,
 year={2012},
 issn={0179-5376},
 journal={Discrete \& Computational Geometry},
 volume={47},
 number={4},
 doi={10.1007/s00454-012-9410-z},
 title={Optimal Partition Trees},
 url={http://dx.doi.org/10.1007/s00454-012-9410-z},
 publisher={Springer-Verlag},
 keywords={Simplex range searching; Halfspace range searching; Geometric data structures},
 author={Chan, TimothyM.},
 pages={661-690},
 language={English}
}

@BOOK{clrs,
	AUTHOR		= {Thomas H. Cormen and Charles E. Leiserson and Ronald L. Rivest and Clifford Stein},
	TITLE		= {Introduction to Algorithms},
	EDITION		= {3rd},
	PUBLISHER	= {MIT Press},
	YEAR		= {2009},
}

@book{deberg,
    AUTHOR = {de Berg, Mark and Cheong, Otfried and van Kreveld, Marc and
              Overmars, Mark},
     TITLE = {Computational geometry},
   EDITION = {Third},
      NOTE = {Algorithms and applications},
 PUBLISHER = {Springer-Verlag, Berlin},
      YEAR = {2008},
     PAGES = {xii+386},
      ISBN = {978-3-540-77973-5},
       DOI = {10.1007/978-3-540-77974-2}
}

@inbook{debergch5,
 chapter = {Orthogonal Range Searching},
 crossref = {deberg}
}